@article{RideoutSorkin2000,
  author  = {Rideout, D. P. and Sorkin, R. D.},
  title   = {Classical Sequential Growth Dynamics for Causal Sets},
  journal = {Physical Review D},
  volume  = {61},
  pages   = {024002},
  year    = {2000},
  doi     = {10.1103/PhysRevD.61.024002},
  eprint  = {gr-qc/9904062},
  url     = {https://arxiv.org/abs/gr-qc/9904062}
}

@article{BenincasaDowker2010PRL,
  author  = {Benincasa, Dionigi M. T. and Dowker, Fay},
  title   = {The Scalar Curvature of a Causal Set},
  journal = {Physical Review Letters},
  volume  = {104},
  number  = {18},
  pages   = {181301},
  year    = {2010},
  doi     = {10.1103/PhysRevLett.104.181301},
  eprint  = {1001.2725},
  archivePrefix = {arXiv},
  primaryClass  = {gr-qc},
  url     = {https://arxiv.org/abs/1001.2725}
}

@article{AslanbeigiSaravaniSorkin2014JHEP,
  author  = {Aslanbeigi, Siavash and Saravani, Mehdi and Sorkin, Rafael D.},
  title   = {Generalized causal set d'Alembertians},
  journal = {Journal of High Energy Physics},
  volume  = {2014},
  number  = {6},
  pages   = {24},
  year    = {2014},
  doi     = {10.1007/JHEP06(2014)024},
  eprint  = {1403.1622},
  archivePrefix = {arXiv},
  primaryClass  = {gr-qc},
  url     = {https://arxiv.org/abs/1403.1622}
}

@article{Glaser2014CQG,
  author  = {Glaser, Lisa},
  title   = {A closed form expression for the causal set d'Alembertian},
  journal = {Classical and Quantum Gravity},
  volume  = {31},
  number  = {9},
  pages   = {095007},
  year    = {2014},
  doi     = {10.1088/0264-9381/31/9/095007},
  eprint  = {1311.1701},
  archivePrefix = {arXiv},
  primaryClass  = {math-ph},
  url     = {https://arxiv.org/abs/1311.1701}
}

@article{BelenchiaBenincasaDowker2016CQG,
  author  = {Belenchia, Alessio and Benincasa, Dionigi M. T. and Dowker, Fay},
  title   = {The continuum limit of a 4-dimensional causal set scalar d'Alembertian},
  journal = {Classical and Quantum Gravity},
  volume  = {33},
  number  = {24},
  pages   = {245018},
  year    = {2016},
  doi     = {10.1088/0264-9381/33/24/245018},
  eprint  = {1510.04656},
  archivePrefix = {arXiv},
  primaryClass  = {gr-qc},
  url     = {https://arxiv.org/abs/1510.04656}
}

@article{Surya2019LRR,
  author  = {Surya, Sumati},
  title   = {The causal set approach to quantum gravity},
  journal = {Living Reviews in Relativity},
  volume  = {22},
  number  = {5},
  year    = {2019},
  doi     = {10.1007/s41114-019-0023-1},
  url     = {https://link.springer.com/article/10.1007/s41114-019-0023-1}
}